[gd_scene load_steps=12 format=2]

[ext_resource path="res://Assets/Buildings/pallet town/player_home_floor_1.png" type="Texture" id=1]
[ext_resource path="res://Player/Player.tscn" type="PackedScene" id=2]
[ext_resource path="res://Util/Door.tscn" type="PackedScene" id=3]
[ext_resource path="res://Assets/Buildings/pallet town/mat.png" type="Texture" id=4]
[ext_resource path="res://Util/Interactable.tscn" type="PackedScene" id=5]

[sub_resource type="RectangleShape2D" id=1]
extents = Vector2( 8, 72 )

[sub_resource type="RectangleShape2D" id=2]
extents = Vector2( 40, 8 )

[sub_resource type="RectangleShape2D" id=3]
extents = Vector2( 64, 8 )

[sub_resource type="RectangleShape2D" id=4]
extents = Vector2( 96, 8 )

[sub_resource type="RectangleShape2D" id=5]
extents = Vector2( 16, 8 )

[sub_resource type="RectangleShape2D" id=6]
extents = Vector2( 16, 16 )

[node name="PlayerHomeFloor1" type="Node2D"]

[node name="BaseMap" type="TextureRect" parent="."]
margin_right = 192.0
margin_bottom = 144.0
texture = ExtResource( 1 )
__meta__ = {
"_edit_use_anchors_": false
}

[node name="Mat" type="TextureRect" parent="."]
margin_left = 56.0
margin_top = 128.0
margin_right = 88.0
margin_bottom = 144.0
texture = ExtResource( 4 )
__meta__ = {
"_edit_use_anchors_": false
}

[node name="Door" parent="." instance=ExtResource( 3 )]
modulate = Color( 1, 0.129412, 0.129412, 1 )
position = Vector2( 64, 144 )
next_scene_path = "res://World/PalletTown/Town.tscn"
is_invisible = true
spawnLocation = Vector2( -48, 16 )
spawnDirection = Vector2( 0, 1 )

[node name="Collistions" type="StaticBody2D" parent="."]
collision_layer = 2
collision_mask = 0

[node name="CollisionShape2D" type="CollisionShape2D" parent="Collistions"]
position = Vector2( -8, 72 )
shape = SubResource( 1 )

[node name="CollisionShape2D2" type="CollisionShape2D" parent="Collistions"]
position = Vector2( 200, 72 )
shape = SubResource( 1 )

[node name="CollisionShape2D3" type="CollisionShape2D" parent="Collistions"]
position = Vector2( 24, 152 )
shape = SubResource( 2 )

[node name="CollisionShape2D4" type="CollisionShape2D" parent="Collistions"]
position = Vector2( 144, 152 )
shape = SubResource( 3 )

[node name="CollisionShape2D5" type="CollisionShape2D" parent="Collistions"]
position = Vector2( 96, 24 )
shape = SubResource( 4 )

[node name="CollisionShape2D6" type="CollisionShape2D" parent="Collistions"]
position = Vector2( 176, 40 )
shape = SubResource( 5 )

[node name="YSort" type="YSort" parent="."]

[node name="Player" parent="YSort" instance=ExtResource( 2 )]
position = Vector2( 144, 80 )

[node name="OtherPlayers" type="YSort" parent="."]

[node name="Interactables" type="Node2D" parent="."]

[node name="Interactable" parent="Interactables" instance=ExtResource( 5 )]
position = Vector2( 80, 16 )
file = "res://Assets/Interactables/Furniture/TV.json"

[node name="Interactable2" parent="Interactables" instance=ExtResource( 5 )]
position = Vector2( 80, 64 )
file = "res://Assets/Interactables/Furniture/Desk.json"

[node name="CollisionShape2D" parent="Interactables/Interactable2" index="0"]
position = Vector2( 16, 16 )
shape = SubResource( 6 )

[editable path="Interactables/Interactable2"]
